El problema a resolver es que la empresa no cuenta con una plataforma en línea para la venta de sus productos, lo que limita su alcance y capacidad para llegar a una audiencia más amplia. La falta de una página web de ventas también puede afectar la capacidad de la empresa o negociante para competir con otros vendedores en línea, lo que puede reducir su rentabilidad y sostenibilidad a largo plazo.

Objetivo principal
Con la creación de una página web de ventas, la empresa podrá expandir su alcance y llegar a una audiencia global, aumentando así sus posibilidades de aumentar las ventas y mejorar su rentabilidad. Además, una página web de ventas bien diseñada puede mejorar la experiencia del usuario y la fidelidad de los clientes, lo que puede mejorar la reputación de la empresa y su posición en el mercado.


justificacion
En la actualidad, el mercado de ventas de computadoras está altamente competitivo y se ha trasladado en gran medida al ámbito digital. Las empresas que no tienen presencia en línea y no ofrecen una plataforma de ventas en línea corren el riesgo de quedarse atrás y perder oportunidades de negocio. La creación de una página web de ventas puede ayudar a la empresa a mantenerse competitiva y atractiva para los clientes, ya que proporciona una plataforma para la venta en línea de sus productos, lo que amplía su alcance y llegada a un público más amplio. Además, al ofrecer una experiencia de compra en línea conveniente y fácil, la empresa puede mejorar la satisfacción y fidelidad de sus clientes, lo que puede resultar en ventas recurrentes y un mejor posicionamiento en el mercado. En resumen, la justificación para el proyecto es que la creación de una página web de ventas puede mejorar la rentabilidad, el alcance y la reputación de la empresa, así como garantizar su competitividad a largo plazo en el mercado.

palabras claves
Computadoras
Ventas
Página web
Competitividad
Audiencia


//--------------------------------------
@article{prueba,
  title={prueba del documento lenguaje Latex},
  author={Autor},
  journal={https://www.overleaf.com/},
  volume={13},
  number={36},
  pages={34--36},
  year={2022}
}



@misc{internacional,
  author = {Cisneros J\'{a}come, Daniela Estefan\'{i}a},
  title = {AN\'{a}LISIS, DISE\~{n}O Y DESARROLLO DE UN SISTEMA DE INFORMACI\'{o}N WEB PARA AUTOMATIZAR LOS PROCESOS DE COMPRAS, INVENTARIOS Y VENTAS (E-COMMERCE). CASO DE ESTUDIO: COMPUNEX.},
  howpublished  = {Tesis de bachiller},
  year = {2022},
  note = {PONTIFICIA UNIVERSIDAD CAT\'{O}LICA DEL ECUADOR},
}

@misc{nacional,
  author = {Suárez Orbegoso, Luis Andrés},
  title = {DESARROLLO DE UN SISTEMA INFORMÁTICO WEB CON LA METODOLOGÍA ÁGIL XP PARA EL CONTROL DE INFORMACIÓN DEL PROCESO DE EVAPORACIÓN Y BATIDO DE LA PANELA EN LA PRODUCTORA APROCAÑA NORANDINO},  
  howpublished  = {Tesis de bachiller},
  year = {2017},
  note = {UNIVERSIDAD PRIVADA ANTONIO GUILLERMO URRELO},
}

@misc{local,
  author = {ALICIA JOSEFINA QUINO LAYME},
  title = {SISTEMA DE INFORMACIÓN WEB CONTABLE PARA LA ADMINISTRACIÓN Y GENERACIÓN DE LIBROS ELECTRÓNICOS PARA EL ESTUDIO CONTABLE QUINO ASOCIADOS PUNO},  
  howpublished  = {Tesis de bachiller},
  year = {2020},
  note = {UNIVERSIDAD NACIONAL DEL ALTIPLANO},
}

